@Article{Beck2000,
author="Beck, John G.",
title="A comparison of differential rotation measurements -- (Invited Review)",
journal="Solar Physics",
year="2000",
month="Jan",
day="01",
volume="191",
number="1",
pages="47--70",
abstract="Observers have long measured solar rotation with different techniques and obtained different results. This paper compares differential rotation measurements from four techniques: Doppler shift, Doppler feature tracking, magnetic feature tracking, and p-mode splittings. The different rotation rates measured by the first three techniques are interpreted as rotation rates of solar phenomena which depend on the properties and depth of that which is measured. This interpretation is supported by comparison with rotation measurements obtained from p-mode splittings except for Doppler features. The rotation rate of the plasma corresponds to the surface rate obtained by inversions; the rates of magnetic features correspond to the rotation rate at various depths within the convection zone. Supergranulation rotates at a rate greater than the maximum rotation rate within the convection zone, suggesting that supergranules are not simple convection cells anchored at a particular depth.",
issn="1573-093X",
doi="10.1023/A:1005226402796",
url="https://doi.org/10.1023/A:1005226402796"
}

@article{pyhc2018,
 title={Python in Heliophysics Community Meeting},
 DOI={10.5281/zenodo.2537188},
 abstractNote={<p>Summary of the November 2018 meeting of the Python in Heliophysics Community.</p>},
 publisher={Zenodo},
 author={Ware, Alexandria and Barnum, Julie and Candey, Robert and Cecconi, Baptiste and Christe, Steven and Faden, Jeremy and Grimes, Eric and Harris, Bernie and Harter, Bryan and Kilcommons, Liam and et al.},
 year={2019},
 month={Apr}}

@ARTICLE{2009EM&P..104..315H,
       author = {{Hill}, Frank and {Martens}, Piet and {Yoshimura}, Keji and
         {Gurman}, Joseph and {Hourcl{\'e}}, Joseph and {Dimitoglou}, George and
         {Su{\'a}rez-Sol{\'a}}, Igor and {Wampler}, Steve and {Reardon}, Kevin and
         {Davey}, Alisdair and {Bogart}, Richard S. and {Tian}, Karen Q.},
        title = "{The Virtual Solar Observatory{\textemdash}A Resource for International Heliophysics Research}",
      journal = {Earth Moon and Planets},
     keywords = {Data management, Virtual observatories, Solar physics, Distributed archives},
         year = "2009",
        month = "Apr",
       volume = {104},
       number = {1-4},
        pages = {315-330},
          doi = {10.1007/s11038-008-9274-7},
       adsurl = {https://ui.adsabs.harvard.edu/abs/2009EM&P..104..315H},
      adsnote = {Provided by the SAO/NASA Astrophysics Data System}
}

@online{guo2014,
author="Guo, Philip",
title="Python Is Now the Most Popular Introductory Teaching Language at Top ­U.S. ­Universities",
year="2014",
month="Jul",
day="7",
url="https://cacm.acm.org/blogs/blog-cacm/176450-python-is-now-the-most-popular-introductory-teaching-language-at-top-u-s-universities/fulltext",
urldate = "2019-08-01"
}

@article{refId0,
	author = {{Pence}, W. D. and {Chiappetti}, L. and {Page}, C. G. and {Shaw}, R. A. and {Stobie}, E.},
	title = {Definition of the Flexible Image Transport System (FITS),   version 3.0},
	DOI= "10.1051/0004-6361/201015362",
	url= "http://dx.doi.org/10.1051/0004-6361/201015362",
	journal = {Astronomy \& Astrophysics},
	year = 2010,
	volume = 524,
	pages = "A42",
	month = "",
}

@article{bangerth2013,
	title = {What makes computational open source software libraries successful?},
	volume = {6},
	url = {http://stacks.iop.org/1749-4699/6/i=1/a=015010},
	abstract = {Software is the backbone of scientific computing. Yet, while we regularly publish detailed accounts about the results of scientific software, and while there is a general sense of which numerical methods work well, our community is largely unaware of best practices in writing the large-scale, open source scientific software upon which our discipline rests. This is particularly apparent in the commonly held view that writing successful software packages is largely the result of simply {\textquoteleft}being a good programmer{\textquoteright} when in fact there are many other factors involved, for example the social skill of community building. In this paper, we consider what we have found to be the necessary ingredients for successful scientific software projects and, in particular, for software libraries upon which the vast majority of scientific codes are built today. In particular, we discuss the roles of code, documentation, communities, project management and licenses. We also briefly comment on the impact on academic careers of engaging in software projects.},
	number = {1},
	journal = {Computational Science \& Discovery},
	author = {Bangerth, W. and Heister, T.},
	year = {2013},
	pages = {015010}
},

@article{Wilson:2014cka,
author = {Wilson, Greg and Aruliah, D A and Brown, C Titus and Chue Hong, Neil P and Davis, Matt and Guy, Richard T and Haddock, Steven H D and Huff, Kathryn D and Mitchell, Ian M and Plumbley, Mark D and Waugh, Ben and White, Ethan P and Wilson, Paul},
title = {{Best practices for scientific computing.}},
journal = {PLoS biology},
year = {2014},
volume = {12},
number = {1},
pages = {e1001745},
month = jan
}

@article{hek,
	title = {Heliophysics Event Knowledgebase for the Solar Dynamics Observatory {(SDO)} and Beyond},
	volume = {275},
	doi = {10.1007/s11207-010-9624-2},
	journal = {Solar Physics},
	author = {Hurlburt, N. and Cheung, M. and Schrijver, C. and Chang, L. and Freeland, S. and Green, S. and Heck, C. and Jaffey, A. and Kobashi, A. and Schiff, D. and Serafin, J. and Seguin, R. and Slater, G. and Somani, A. and Timmons, R.},
	month = jan,
	year = {2012},
	keywords = {Data markup, Solar Dynamics Observatory, Solar features and events},
	pages = {67--78}
},

@ARTICLE{snakes,
       author = {{Burrell}, A.~G. and {Halford}, A. and {Klenzing}, J. and
         {Stoneback}, R.~A. and {Morley}, S.~K. and {Annex}, A.~M. and
         {Laundal}, K.~M. and {Kellerman}, A.~C. and {Stansby}, D. and {Ma}, J.},
        title = "{Snakes on a Spaceship{\textemdash}An Overview of Python in Heliophysics}",
      journal = {Journal of Geophysical Research (Space Physics)},
     keywords = {open source, Python, reproducible science, system science, heliophysics, software, Astrophysics - Instrumentation and Methods for Astrophysics, Physics - Space Physics},
         year = "2018",
        month = "Dec",
       volume = {123},
       number = {12},
        pages = {10,384-10,402},
          doi = {10.1029/2018JA025877},
archivePrefix = {arXiv},
       eprint = {1901.00143},
 primaryClass = {astro-ph.IM},
       adsurl = {https://ui.adsabs.harvard.edu/abs/2018JGRA..12310384B},
      adsnote = {Provided by the SAO/NASA Astrophysics Data System}
}

@article{ape-0001,
  title        = {{Astropy Proposal for Enhancement 1: APE Purpose
                   and Process (APE 1)}},
  author       = {Greenfield, Perry},
  month        = nov,
  year         = 2013,
  doi          = {10.5281/zenodo.1043886},
  url          = {https://doi.org/10.5281/zenodo.1043886}
}

@article{sep-0001,
  title        = {{SunPy Proposal for Enhancement 1: SEP Purpose and
                   Guidelines (SEP 0001)}},
  author       = {Christe, Steven},
  month        = mar,
  year         = 2014,
  doi          = {10.5281/zenodo.3261403},
  url          = {https://doi.org/10.5281/zenodo.3261403}
}

@article{sep-0002,
  title        = {{SunPy Proposal for Enhancement 2: SunPy
                   Organization Definition (SEP 0002)}},
  author       = {Christe, Steven},
  month        = dec,
  year         = 2018,
  doi          = {10.5281/zenodo.3261663},
  url          = {https://doi.org/10.5281/zenodo.3261663}
}

@article{sep-0003,
  title        = {{SunPy Proposal for Enhancement 3: Physical Units
                   in SunPy (SEP 0003)}},
  author       = {Christe, Steven},
  month        = jul,
  year         = 2014,
  doi          = {10.5281/zenodo.3261707},
  url          = {https://doi.org/10.5281/zenodo.3261707}
}

@article{sep-0004,
  title        = {{SunPy Proposal for Enhancement 4: Packages
                   Affiliated with the SunPy Project (SEP 0004)}},
  author       = {Mumford, Stuart and
                  Christe, Steven},
  month        = oct,
  year         = 2014,
  doi          = {10.5281/zenodo.3261752},
  url          = {https://doi.org/10.5281/zenodo.3261752}
}

@article{sep-0005,
  title        = {{SunPy Proposal for Enhancement 5: Coordinates
                   Module (SEP 0005)}},
  author       = {Chakraborty, Pritish and
                  Mumford, Stuart},
  month        = jun,
  year         = 2019,
  doi          = {10.5281/zenodo.3261768},
  url          = {https://doi.org/10.5281/zenodo.3261768}
}

@article{sep-0006,
  title        = {{SunPy Proposal for Enhancement 6: SunPy Board
                   Membership List (SEP 0006)}},
  author       = {Christe, Steven},
  month        = apr,
  year         = 2019,
  doi          = {10.5281/zenodo.3261786},
  url          = {https://doi.org/10.5281/zenodo.3261786}
}

@article{sep-0007,
  title        = {{SunPy Proposal for Enhancement 7: Lightcurve
                   Factory Refactor (SEP 0007)}},
  author       = {Mumford, Stuart},
  month        = dec,
  year         = 2015,
  doi          = {10.5281/zenodo.3261788},
  url          = {https://doi.org/10.5281/zenodo.3261788}
}

@article{sep-0008,
  title        = {{SunPy Proposal for Enhancement 8: Astropy Time
                   (SEP 0008)}},
  author       = {Mumford, Stuart},
  month        = sep,
  year         = 2018,
  doi          = {10.5281/zenodo.3261794},
  url          = {https://doi.org/10.5281/zenodo.3261794}
}

@article{sep-0009,
  title        = {{SunPy Proposal for Enhancement 9: Release Pattern
                   for SunPy Core (SEP 0009)}},
  author       = {Mumford, Stuart and
                  Hewett, Russell},
  month        = jun,
  year         = 2019,
  doi          = {10.5281/zenodo.3261800},
  url          = {https://doi.org/10.5281/zenodo.3261800}
}

@article{pyhcStandards,
title={Python in Heliophysics Community (PyHC) Standards},
DOI={10.5281/zenodo.2529131},
abstractNote={<p>A set of standards for the Python in Heliophysics Community.</p>},
publisher={Zenodo},
author={Annex, A. and Alterman, B. L. and Azari, A. and Barnes, W. and Bobra, M. and Cecconi, B. and Christe, Steven and Coxon, J. and DeWolfe, A. and Halford, A. and et al.},
year={2018},
month={Dec}}

@article{gwcs2018,
title={spacetelescope/gwcs: GWCS v0.10.0},
DOI={10.5281/zenodo.2481215},
abstractNote={<p>GWCS v0.10.0 requires astropy v3.1</p>},
publisher={Zenodo},
author={Nadia Dencheva and Stuart Mumford and Brigitta Sipocz and Dan D\'Avella and P. L. Lim and Craig Jones and Erik Tollerud and Bernie Simon and James Davies and Christoph Deil and et al.}, year={2018},
month={Dec}}

@ARTICLE{2002A&A...395.1061G,
       author = {{Greisen}, E.~W. and {Calabretta}, M.~R.},
        title = "{Representations of world coordinates in FITS}",
      journal = {\aap},
     keywords = {methods: data analysis, techniques: image processing, astronomical data bases: miscellaneous, Astrophysics},
         year = "2002",
        month = "Dec",
       volume = {395},
        pages = {1061-1075},
          doi = {10.1051/0004-6361:20021326},
archivePrefix = {arXiv},
       eprint = {astro-ph/0207407},
 primaryClass = {astro-ph},
       adsurl = {https://ui.adsabs.harvard.edu/abs/2002A&A...395.1061G},
      adsnote = {Provided by the SAO/NASA Astrophysics Data System}
}

@inproceedings{Damevski2009,
 author = {Damevski, Kostadin},
 title = {Expressing Measurement Units in Interfaces for Scientific Component Software},
 booktitle = {Proceedings of the 2009 Workshop on Component-Based High Performance Computing},
 series = {CBHPC '09},
 year = {2009},
 isbn = {978-1-60558-718-9},
 location = {Portland, Oregon},
 pages = {13:1--13:8},
 articleno = {13},
 numpages = {8},
 url = {http://doi.acm.org/10.1145/1687774.1687787},
 doi = {10.1145/1687774.1687787},
 acmid = {1687787},
 publisher = {ACM},
}

@ARTICLE{mco_mishap_report,
author={{The Mars Climate Orbiter Mishap Investigation Board}},
URL = {ftp://ftp.hq.nasa.gov/pub/pao/reports/1999/MCO_report.pdf},
year = {1999},
journal={NASA},
month={November},
pages = {}
}

@ARTICLE{numpy,
author={S. {van der Walt} and S. C. {Colbert} and G. {Varoquaux}},
journal={Computing in Science Engineering},
title={The NumPy Array: A Structure for Efficient Numerical Computation},
year={2011},
volume={13},
number={2},
pages={22-30},
keywords={data structures;high level languages;mathematics computing;numerical analysis;numerical computation;numpy array;numerical data;high level language;Python programming language;Arrays;Numerical analysis;Performance evaluation;Computational efficiency;Finite element methods;Vector quantization;Resource management;Python;NumPy;scientific programming;numerical computations;programming libraries},
doi={10.1109/MCSE.2011.37},
ISSN={1521-9615},
month={March},}

@InProceedings{ pandas,
  author    = { Wes McKinney },
  title     = { Data Structures for Statistical Computing in Python },
  booktitle = { Proceedings of the 9th Python in Science Conference },
  pages     = { 51 - 56 },
  year      = { 2010 },
  editor    = { St\'efan van der Walt and Jarrod Millman }
}

@article{matplotlib,
author = {Hunter,John D. },
title = {Matplotlib: A 2D Graphics Environment},
journal = {Computing in Science \& Engineering},
volume = {9},
number = {3},
pages = {90-95},
year = {2007},
doi = {10.1109/MCSE.2007.55},
URL = { https://aip.scitation.org/doi/abs/10.1109/MCSE.2007.55},
eprint = {https://aip.scitation.org/doi/pdf/10.1109/MCSE.2007.55}
}

@Misc{scipy,
  author =    {Eric Jones and Travis Oliphant and Pearu Peterson and others},
  title =     {{SciPy}: Open source scientific tools for {Python}},
  year =      {2001--},
  url = "http://www.scipy.org/",
  note = {[Online; accessed <today>]}
}

@article{Freeland:1998we,
author = {Freeland, S and Handy, B N},
title = {{Data analysis with the SolarSoft system}},
journal = {Solar Physics},
year = {1998},
volume = {182},
number = {2},
pages = {497--500}
}

@article{Community:2015cy,
author = {{The SunPy Community} and Mumford, Stuart J and Christe, Steven D and P{\'e}rez-Su{\'a}rez, David and Ireland, Jack and Shih, Albert and Inglis, Andrew R and Liedtke, Simon and Hewett, Russell J and Mayer, Florian and Hughitt, Keith and Freij, Nabil and Meszaros, Tomas and Bennett, Samuel M and Malocha, Michael and Evans, John and Agrawal, Ankit and Leonard, Andrew J and Robitaille, Thomas P and Mampaey, Benjamin and Campos-Rozo, Jose Iv{\'a}n and Kirk, Michael S},
title = {{SunPy{\textemdash}Python for solar physics}},
journal = {Computational Science {\&} Discovery},
year = {2015},
volume = {8},
number = {1},
pages = {1--23},
month = jul
}

@ARTICLE{DePontieu2014,
   author = {{De Pontieu}, B. and {Title}, A.~M. and {Lemen}, J.~R. and {Kushner}, G.~D. and
	{Akin}, D.~J. and {Allard}, B. and {Berger}, T. and {Boerner}, P. and
	{Cheung}, M. and {Chou}, C. and {Drake}, J.~F. and {Duncan}, D.~W. and
	{Freeland}, S. and {Heyman}, G.~F. and {Hoffman}, C. and {Hurlburt}, N.~E. and
	{Lindgren}, R.~W. and {Mathur}, D. and {Rehse}, R. and {Sabolish}, D. and
	{Seguin}, R. and {Schrijver}, C.~J. and {Tarbell}, T.~D. and
	{W{\"u}lser}, J.-P. and {Wolfson}, C.~J. and {Yanari}, C. and
	{Mudge}, J. and {Nguyen-Phuc}, N. and {Timmons}, R. and {van Bezooijen}, R. and
	{Weingrod}, I. and {Brookner}, R. and {Butcher}, G. and {Dougherty}, B. and
	{Eder}, J. and {Knagenhjelm}, V. and {Larsen}, S. and {Mansir}, D. and
	{Phan}, L. and {Boyle}, P. and {Cheimets}, P.~N. and {DeLuca}, E.~E. and
	{Golub}, L. and {Gates}, R. and {Hertz}, E. and {McKillop}, S. and
	{Park}, S. and {Perry}, T. and {Podgorski}, W.~A. and {Reeves}, K. and
	{Saar}, S. and {Testa}, P. and {Tian}, H. and {Weber}, M. and
	{Dunn}, C. and {Eccles}, S. and {Jaeggli}, S.~A. and {Kankelborg}, C.~C. and
	{Mashburn}, K. and {Pust}, N. and {Springer}, L. and {Carvalho}, R. and
	{Kleint}, L. and {Marmie}, J. and {Mazmanian}, E. and {Pereira}, T.~M.~D. and
	{Sawyer}, S. and {Strong}, J. and {Worden}, S.~P. and {Carlsson}, M. and
	{Hansteen}, V.~H. and {Leenaarts}, J. and {Wiesmann}, M. and
	{Aloise}, J. and {Chu}, K.-C. and {Bush}, R.~I. and {Scherrer}, P.~H. and
	{Brekke}, P. and {Martinez-Sykora}, J. and {Lites}, B.~W. and
	{McIntosh}, S.~W. and {Uitenbroek}, H. and {Okamoto}, T.~J. and
	{Gummin}, M.~A. and {Auker}, G. and {Jerram}, P. and {Pool}, P. and
	{Waltham}, N.},
    title = "{The Interface Region Imaging Spectrograph (IRIS)}",
  journal = {\solphys},
archivePrefix = "arXiv",
   eprint = {1401.2491},
 primaryClass = "astro-ph.SR",
 keywords = {Heating, chromospheric, Heating, coronal, Chromosphere, models, Chromosphere, active, Corona, active, Magnetic fields, chromosphere, Instrumentation and data management, Spectrum, ultraviolet},
     year = 2014,
    month = jul,
   volume = 289,
    pages = {2733-2779},
      doi = {10.1007/s11207-014-0485-y},
   adsurl = {http://adsabs.harvard.edu/abs/2014SoPh..289.2733D},
  adsnote = {Provided by the SAO/NASA Astrophysics Data System}
}

@article{astropy2018,
	doi = {10.3847/1538-3881/aabc4f},
	url = {https://doi.org/10.3847%2F1538-3881%2Faabc4f},
	year = 2018,
	month = {aug},
	publisher = {American Astronomical Society},
	volume = {156},
	number = {3},
	pages = {123},
	author = {{The Astropy Collaboration} and A. M. Price-Whelan and B. M. Sip{\H{o}}cz and H. M. Günther and P. L. Lim and S. M. Crawford and S. Conseil and D. L. Shupe and M. W. Craig and N. Dencheva and A. Ginsburg and J. T. VanderPlas and L. D. Bradley and D. P{\'{e}}rez-Su{\'{a}}rez and M. de Val-Borro and T. L. Aldcroft and K. L. Cruz and T. P. Robitaille and E. J. Tollerud and C. Ardelean and T. Babej and Y. P. Bach and M. Bachetti and A. V. Bakanov and S. P. Bamford and G. Barentsen and P. Barmby and A. Baumbach and K. L. Berry and F. Biscani and M. Boquien and K. A. Bostroem and L. G. Bouma and G. B. Brammer and E. M. Bray and H. Breytenbach and H. Buddelmeijer and D. J. Burke and G. Calderone and J. L. Cano Rodr{\'{\i}}guez and M. Cara and J. V. M. Cardoso and S. Cheedella and Y. Copin and L. Corrales and D. Crichton and D. D'Avella and C. Deil and {\'{E}}. Depagne and J. P. Dietrich and A. Donath and M. Droettboom and N. Earl and T. Erben and S. Fabbro and L. A. Ferreira and T. Finethy and R. T. Fox and L. H. Garrison and S. L. J. Gibbons and D. A. Goldstein and R. Gommers and J. P. Greco and P. Greenfield and A. M. Groener and F. Grollier and A. Hagen and P. Hirst and D. Homeier and A. J. Horton and G. Hosseinzadeh and L. Hu and J. S. Hunkeler and {\v{Z}}. Ivezi{\'{c}} and A. Jain and T. Jenness and G. Kanarek and S. Kendrew and N. S. Kern and W. E. Kerzendorf and A. Khvalko and J. King and D. Kirkby and A. M. Kulkarni and A. Kumar and A. Lee and D. Lenz and S. P. Littlefair and Z. Ma and D. M. Macleod and M. Mastropietro and C. McCully and S. Montagnac and B. M. Morris and M. Mueller and S. J. Mumford and D. Muna and N. A. Murphy and S. Nelson and G. H. Nguyen and J. P. Ninan and M. Nšthe and S. Ogaz and S. Oh and J. K. Parejko and N. Parley and S. Pascual and R. Patil and A. A. Patil and A. L. Plunkett and J. X. Prochaska and T. Rastogi and V. Reddy Janga and J. Sabater and P. Sakurikar and M. Seifert and L. E. Sherbert and H. Sherwood-Taylor and A. Y. Shih and J. Sick and M. T. Silbiger and S. Singanamalla and L. P. Singer and P. H. Sladen and K. A. Sooley and S. Sornarajah and O. Streicher and P. Teuben and S. W. Thomas and G. R. Tremblay and J. E. H. Turner and V. Terr{\'{o}}n and M. H. van Kerkwijk and A. de la Vega and L. L. Watkins and B. A. Weaver and J. B. Whitmore and J. Woillez and V. Zabalza and   and   and},
	title = {The Astropy Project: Building an Open-science Project and Status of the v2.0 Core Package},
	journal = {The Astronomical Journal},
	abstract = {The Astropy Project supports and fosters the development of open-source and openly developed Python packages that provide commonly needed functionality to the astronomical community. A key element of the Astropy Project is the core package astropy, which serves as the foundation for more specialized projects and packages. In this article, we provide an overview of the organization of the Astropy project and summarize key features in the core package, as of the recent major release, version 2.0. We then describe the project infrastructure designed to facilitate and support development for a broader ecosystem of interoperable packages. We conclude with a future outlook of planned new features and directions for the broader Astropy Project.}
}

@ARTICLE{astropy2013,
   author = {{Astropy Collaboration} and {Robitaille}, T.~P. and {Tollerud}, E.~J. and
	{Greenfield}, P. and {Droettboom}, M. and {Bray}, E. and {Aldcroft}, T. and
	{Davis}, M. and {Ginsburg}, A. and {Price-Whelan}, A.~M. and
	{Kerzendorf}, W.~E. and {Conley}, A. and {Crighton}, N. and
	{Barbary}, K. and {Muna}, D. and {Ferguson}, H. and {Grollier}, F. and
	{Parikh}, M.~M. and {Nair}, P.~H. and {Unther}, H.~M. and {Deil}, C. and
	{Woillez}, J. and {Conseil}, S. and {Kramer}, R. and {Turner}, J.~E.~H. and
	{Singer}, L. and {Fox}, R. and {Weaver}, B.~A. and {Zabalza}, V. and
	{Edwards}, Z.~I. and {Azalee Bostroem}, K. and {Burke}, D.~J. and
	{Casey}, A.~R. and {Crawford}, S.~M. and {Dencheva}, N. and
	{Ely}, J. and {Jenness}, T. and {Labrie}, K. and {Lim}, P.~L. and
	{Pierfederici}, F. and {Pontzen}, A. and {Ptak}, A. and {Refsdal}, B. and
	{Servillat}, M. and {Streicher}, O.},
    title = "{Astropy: A community Python package for astronomy}",
  journal = {\aap},
archivePrefix = "arXiv",
   eprint = {1307.6212},
 primaryClass = "astro-ph.IM",
 keywords = {methods: data analysis, methods: miscellaneous, virtual observatory tools},
     year = 2013,
    month = oct,
   volume = 558,
      eid = {A33},
    pages = {A33},
      doi = {10.1051/0004-6361/201322068},
   adsurl = {https://ui.adsabs.harvard.edu/abs/2013A%26A...558A..33A},
  adsnote = {Provided by the SAO/NASA Astrophysics Data System}
}

@misc{astropy_v3.0.5,
  author       = {The Astropy Collaboration},
  title        = {{astropy v3.0.5: a core python package for
                   astronomy}},
  month        = oct,
  year         = 2018,
  doi          = {10.5281/zenodo.2556700},
  url          = {https://doi.org/10.5281/zenodo.2556700}
}

@misc{sunpy_v1.0.2,
  author       = {Stuart J. Mumford and
                  Steven Christe and
                  Nabil Freij and
                  Florian Mayer and
                  Keith Hughitt and
                  Daniel F. Ryan and
                  Simon Liedtke and
                  Albert Y. Shih and
                  David Pérez-Suárez and
                  Pritish Chakraborty and
                  Vishnunarayan K I and
                  Andrew R. Inglis and
                  Punyaslok Pattnaik and
                  Brigitta M. Sipőcz and
                  Rishabh Sharma and
                  Drew Leonard and
                  Russell J. Hewett and
                  Alex-Ian-Hamilton and
                  David Stansby and
                  Asish Panda and
                  Matt Earnshaw and
                  Nitin Choudhary and
                  Ankit Kumar and
                  Laura Hayes and
                  Prateek Chanda and
                  Md Akramul Haque and
                  Sudarshan Konge and
                  mdmueller and
                  Michael Kirk and
                  haathi},
  title        = {SunPy},
  month        = jun,
  year         = 2019,
  doi          = {10.5281/zenodo.3257691},
  url          = {https://doi.org/10.5281/zenodo.3257691}
}

@misc{matplotlib_v3.1.0,
  author       = {Thomas A Caswell and
                  Michael Droettboom and
                  John Hunter and
                  Eric Firing and
                  Antony Lee and
                  Jody Klymak and
                  David Stansby and
                  Elliott Sales de Andrade and
                  Jens Hedegaard Nielsen and
                  Nelle Varoquaux and
                  Benjamin Root and
                  Tim Hoffmann and
                  Phil Elson and
                  Ryan May and
                  Darren Dale and
                  Jae-Joon Lee and
                  Jouni K. Seppänen and
                  Damon McDougall and
                  Andrew Straw and
                  Paul Hobson and
                  Christoph Gohlke and
                  Tony S Yu and
                  Eric Ma and
                  Adrien F. Vincent and
                  Steven Silvester and
                  Charlie Moad and
                  Jan Katins and
                  Nikita Kniazev and
                  Federico Ariza and
                  Elan Ernest},
  title        = {matplotlib/matplotlib v3.1.0},
  month        = may,
  year         = 2019,
  doi          = {10.5281/zenodo.2893252},
  url          = {https://doi.org/10.5281/zenodo.2893252}
}

@misc{drms_v0.5.6,
  author       = {Kolja Glogowski and
                  Monica Bobra and
                  Nabil Freij and
                  Stuart Mumford and
                  David Pérez-Suárez and
                  Nitin Choudhary},
  title        = {sunpy/drms: drms v0.5.6},
  month        = feb,
  year         = 2019,
  doi          = {10.5281/zenodo.2572850},
  url          = {https://doi.org/10.5281/zenodo.2572850}
}

@BOOK{NAP2019,
  author    = "{National Academies of Sciences, Engineering, and Medicine}",
  title     = "Reproducibility and Replicability in Science",
  isbn      = "978-0-309-48613-2",
  doi       = "10.17226/25303",
  abstract  = "One of the pathways by which the scientific community confirms the validity of a new scientific discovery is by repeating the research that produced it. When a scientific effort fails to independently confirm the computations or results of a previous study, some fear that it may be a symptom of a lack of rigor in science, while others argue that such an observed inconsistency can be an important precursor to new discovery.\nConcerns about reproducibility and replicability have been expressed in both scientific and popular media. As these concerns came to light, Congress requested that the National Academies of Sciences, Engineering, and Medicine conduct a study to assess the extent of issues related to reproducibility and replicability and to offer recommendations for improving rigor and transparency in scientific research.\nReproducibility and Replicability in Science defines reproducibility and replicability and examines the factors that may lead to non-reproducibility and non-replicability in research. Unlike the typical expectation of reproducibility between two computations, expectations about replicability are more nuanced, and in some cases a lack of replicability can aid the process of scientific discovery. This report provides recommendations to researchers, academic institutions, journals, and funders on steps they can take to improve reproducibility and replicability in science.",
  url       = "https://www.nap.edu/catalog/25303/reproducibility-and-replicability-in-science",
  year      = 2019,
  publisher = "The National Academies Press",
  address   = "Washington, DC"
}

@BOOK{NAP2018,
  author    = "{National Academies of Sciences, Engineering, and Medicine}",
  title     = "Open Source Software Policy Options for NASA Earth and Space Sciences",
  isbn      = "978-0-309-48271-4",
  doi       = "10.17226/25217",
  abstract  = "Modern science is ever more driven by computations and simulations. In particular, the state of the art in space and Earth science often arises from complex simulations of climate, space weather, and astronomical phenomena. At the same time, scientific work requires data processing, presentation, and analysis through broadly available proprietary and community software.1 Implicitly or explicitly, software is central to science. Scientific discovery, understanding, validation, and interpretation are all enhanced by access to the source code of the software used by scientists.\n\nThis report investigates and recommends options for NASA\u2019s Science Mission Directorate (SMD) as it considers how to establish a policy regarding open source software to complement its existing policy on open data. In particular, the report reviews existing data and software policies and the lessons learned from the implementation of those policies, summarizes community perspectives, and presents policy options and recommendations for implementing an open source software policy for NASA SMD.",
  url       = "https://www.nap.edu/catalog/25217/open-source-software-policy-options-for-nasa-earth-and-space-sciences",
  year      = 2018,
  publisher = "The National Academies Press",
  address   = "Washington, DC"
}

@article{PriceWhelan:2018ji,
author = {Price-Whelan, A M and Sip{\H o}cz, B M and G{\"u}nther, H M and Lim, P L and Crawford, S M and Conseil, S and Shupe, D L and Craig, M W and Dencheva, N and Ginsburg, A and VanderPlas, J T and Bradley, L D and Perez-Suarez, D and de Val-Borro, M and Aldcroft, Tom and Cruz, K L and Robitaille, T P and Tollerud, E J and Ardelean, C and Babej, T and Bach, Y P and Bachetti, M and Bakanov, A V and Bamford, S P and Barentsen, G and Barmby, P and Baumbach, A and Berry, K L and Biscani, F and Boquien, M and Bostroem, K A and Bouma, L G and Brammer, G B and Bray, E M and Breytenbach, H and Buddelmeijer, H and Burke, D J and Calderone, G and Rodr{\'\i}guez, J L Cano and Cara, M and Cardoso, J V M and Cheedella, S and Copin, Y and Corrales, L and Crichton, D and D{\textquoteright}Avella, D and Deil, C and Depagne, {\'E} and Dietrich, J P and Donath, A and Droettboom, M and Earl, N and Erben, T and Fabbro, S and Ferreira, L A and Finethy, T and Fox, R T and Garrison, L H and Gibbons, S L J and Goldstein, D A and Gommers, R and Greco, J P and Greenfield, P and Groener, A M and Grollier, F and Hagen, A and Hirst, P and Homeier, D and Horton, A J and Hosseinzadeh, G and Hu, L and Hunkeler, J S and Ivezi{\'c}, {\v Z} and Jain, A and Jenness, T and Kanarek, G and Kendrew, S and Kern, N S and Kerzendorf, W E and Khvalko, A and King, J and Kirkby, D and Kulkarni, A M and Kumar, A and Lee, A and Lenz, D and Littlefair, S P and Ma, Z and Macleod, D M and Mastropietro, M and McCully, C and Montagnac, S and Morris, B M and Mueller, M and Mumford, S J and Muna, D and Murphy, N A and Nelson, S and Nguyen, G H and Ninan, J P and N{\"o}the, M and Ogaz, S and Oh, S and Parejko, J K and Parley, N and Pascual, S and Patil, R and Patil, A A and Plunkett, A L and Prochaska, J X and Rastogi, T and Janga, V Reddy and Sabater, J and Sakurikar, P and Seifert, M and Sherbert, L E and Sherwood-Taylor, H and Shih, Albert and Sick, J and Silbiger, M T and Singanamalla, S and Singer, L P and Sladen, P H and Sooley, K A and Sornarajah, S and Streicher, O and Teuben, P and Thomas, S W and Tremblay, G R and Turner, J E H and Terr{\'o}n, V and van Kerkwijk, M H and de la Vega, A and Watkins, L L and Weaver, B A and Whitmore, J B and Woillez, J and Zabalza, V},
title = {{The Astropy Project: Building an Open-science Project and Status of the v2.0 Core Package}},
journal = {The Astronomical Journal},
year = {2018},
volume = {156},
number = {3},
pages = {0--0},
month = aug
}

@ARTICLE{2014AA...561A..29V,
   author = {{Verbeeck}, C. and {Delouille}, V. and {Mampaey}, B. and {De Visscher}, R.
	},
    title = "{The SPoCA-suite: Software for extraction, characterization, and tracking of active regions and coronal holes on EUV images}",
  journal = {\aap},
 keywords = {techniques: image processing, Sun: corona, Sun: activity, Sun: UV radiation},
     year = 2014,
    month = jan,
   volume = 561,
      eid = {A29},
    pages = {A29},
      doi = {10.1051/0004-6361/201321243},
   adsurl = {http://adsabs.harvard.edu/abs/2014A%26A...561A..29V},
  adsnote = {Provided by the SAO/NASA Astrophysics Data System}
}

@article{dominique2013lyra,
  title={The LYRA instrument onboard PROBA2: description and in-flight performance},
  author={Dominique, Marie and Hochedez, J-F and Schmutz, W and Dammasch, IE and Shapiro, AI and Kretzschmar, Matthieu and Zhukov, AN and Gillotay, D and Stockman, Y and BenMoussa, A},
  journal={Solar Physics},
  volume={286},
  number={1},
  pages={21--42},
  year={2013},
  publisher={Springer}
}

@incollection{woods2010extreme,
  title={Extreme Ultraviolet Variability Experiment (EVE) on the Solar Dynamics Observatory (SDO): Overview of science objectives, instrument design, data products, and model developments},
  author={Woods, TN and Eparvier, FG and Hock, R and Jones, AR and Woodraska, D and Judge, D and Didkovsky, L and Lean, J and Mariska, J and Warren, H and others},
  booktitle={The Solar Dynamics Observatory},
  pages={115--143},
  year={2010},
  publisher={Springer}
}

@article{meegan2009fermi,
  title={The Fermi gamma-ray burst monitor},
  author={Meegan, Charles and Lichti, Giselher and Bhat, PN and Bissaldi, Elisabetta and Briggs, Michael S and Connaughton, Valerie and Diehl, Roland and Fishman, Gerald and Greiner, Jochen and Hoover, Andrew S and others},
  journal={The Astrophysical Journal},
  volume={702},
  number={1},
  pages={791},
  year={2009},
  publisher={IOP Publishing}
}

@article{nakajima1994nobeyama,
  title={The nobeyama radioheliograph},
  author={Nakajima, Hiroshi and Nishio, M and Enome, Sh and Shibasaki, K and Takano, T and Hanaoka, Y and Torii, C and Sekiguchi, H and Bushimata, T and Kawashima, S and others},
  journal={Proceedings of the IEEE},
  volume={82},
  number={5},
  pages={705--713},
  year={1994},
  publisher={IEEE}
}

@incollection{lin2003reuven,
  title={The Reuven Ramaty high-energy solar spectroscopic imager (RHESSI)},
  author={Lin, RP and Dennis, BR and Hurford, GJ and Smith, DM and Zehnder, A and Harvey, PR and Curtis, DW and Pankow, D and Turin, P and Bester, M and others},
  booktitle={The Reuven Ramaty High-Energy Solar Spectroscopic Imager (RHESSI)},
  pages={3--32},
  year={2003},
  publisher={Springer}
}

@ARTICLE{lin2002reuven,
   author = {{Lin}, R.~P. and {Dennis}, B.~R. and {Hurford}, G.~J. and {Smith}, D.~M. and
	{Zehnder}, A. and {Harvey}, P.~R. and {Curtis}, D.~W. and {Pankow}, D. and
	{Turin}, P. and {Bester}, M. and {Csillaghy}, A. and {Lewis}, M. and
	{Madden}, N. and {van Beek}, H.~F. and {Appleby}, M. and {Raudorf}, T. and
	{McTiernan}, J. and {Ramaty}, R. and {Schmahl}, E. and {Schwartz}, R. and
	{Krucker}, S. and {Abiad}, R. and {Quinn}, T. and {Berg}, P. and
	{Hashii}, M. and {Sterling}, R. and {Jackson}, R. and {Pratt}, R. and
	{Campbell}, R.~D. and {Malone}, D. and {Landis}, D. and {Barrington-Leigh}, C.~P. and
	{Slassi-Sennou}, S. and {Cork}, C. and {Clark}, D. and {Amato}, D. and
	{Orwig}, L. and {Boyle}, R. and {Banks}, I.~S. and {Shirey}, K. and
	{Tolbert}, A.~K. and {Zarro}, D. and {Snow}, F. and {Thomsen}, K. and
	{Henneck}, R. and {McHedlishvili}, A. and {Ming}, P. and {Fivian}, M. and
	{Jordan}, J. and {Wanner}, R. and {Crubb}, J. and {Preble}, J. and
	{Matranga}, M. and {Benz}, A. and {Hudson}, H. and {Canfield}, R.~C. and
	{Holman}, G.~D. and {Crannell}, C. and {Kosugi}, T. and {Emslie}, A.~G. and
	{Vilmer}, N. and {Brown}, J.~C. and {Johns-Krull}, C. and {Aschwanden}, M. and
	{Metcalf}, T. and {Conway}, A.},
    title = "{The Reuven Ramaty High-Energy Solar Spectroscopic Imager (RHESSI)}",
  journal = {\solphys},
     year = 2002,
    month = nov,
   volume = 210,
    pages = {3-32},
      doi = {10.1023/A:1022428818870},
   adsurl = {http://adsabs.harvard.edu/abs/2002SoPh..210....3L},
  adsnote = {Provided by the SAO/NASA Astrophysics Data System}
}

@ARTICLE{Muna2016,
       author = {{Muna}, Demitri and {Alexander}, Michael and {Allen}, Alice and
         {Ashley}, Richard and {Asmus}, Daniel and {Azzollini}, Ruyman and
         {Bannister}, Michele and {Beaton}, Rachael and {Benson}, Andrew and
         {Berriman}, G. Bruce and {Bilicki}, Maciej and {Boyce}, Peter and
         {Bridge}, Joanna and {Cami}, Jan and {Cangi}, Eryn and {Chen}, Xian and
         {Christiny}, Nicholas and {Clark}, Christopher and {Collins}, Michelle and
         {Comparat}, Johan and {Cook}, Neil and {Croton}, Darren and
         {Delberth Davids}, Isak and {Depagne}, {\'E}ric and {Donor}, John and
         {dos Santos}, Leonardo A. and {Douglas}, Stephanie and {Du}, Alan and
         {Durbin}, Meredith and {Erb}, Dawn and {Faes}, Daniel and
         {Fern{\'a}ndez-Trincado}, J.~G. and {Foley}, Anthony and
         {Fotopoulou}, Sotiria and {Frimann}, S{\o}ren and {Frinchaboy}, Peter and
         {Garcia-Dias}, Rafael and {Gawryszczak}, Artur and {George}, Elizabeth and
         {Gonzalez}, Sebastian and {Gordon}, Karl and {Gorgone}, Nicholas and
         {Gosmeyer}, Catherine and {Grasha}, Katie and {Greenfield}, Perry and
         {Grellmann}, Rebekka and {Guillochon}, James and {Gurwell}, Mark and
         {Haas}, Marcel and {Hagen}, Alex and {Haggard}, Daryl and
         {Haines}, Tim and {Hall}, Patrick and {Hellwing}, Wojciech and
         {Herenz}, Edmund Christian and {Hinton}, Samuel and {Hlozek}, Renee and
         {Hoffman}, John and {Holman}, Derek and {Holwerda}, Benne Willem and
         {Horton}, Anthony and {Hummels}, Cameron and {Jacobs}, Daniel and
         {Juel Jensen}, Jens and {Jones}, David and {Karick}, Arna and
         {Kelley}, Luke and {Kenworthy}, Matthew and {Kitchener}, Ben and
         {Klaes}, Dominik and {Kohn}, Saul and {Konorski}, Piotr and
         {Krawczyk}, Coleman and {Kuehn}, Kyler and {Kuutma}, Teet and
         {Lam}, Michael T. and {Lane}, Richard and {Liske}, Jochen and
         {Lopez-Camara}, Diego and {Mack}, Katherine and {Mangham}, Sam and
         {Mao}, Qingqing and {Marsh}, David J.~E. and {Mateu}, Cecilia and
         {Maurin}, Lo{\"\i}c and {McCormac}, James and {Momcheva}, Ivelina and
         {Monteiro}, Hektor and {Mueller}, Michael and {Munoz}, Roberto and
         {Naidu}, Rohan and {Nelson}, Nicholas and {Nitschelm}, Christian and
         {North}, Chris and {Nunez-Iglesias}, Juan and {Ogaz}, Sara and
         {Owen}, Russell and {Parejko}, John and {Patr{\'\i}cio}, Vera and
         {Pepper}, Joshua and {Perrin}, Marshall and {Pickering}, Timothy and
         {Piscionere}, Jennifer and {Pogge}, Richard and {Poleski}, Radek and
         {Pourtsidou}, Alkistis and {Price-Whelan}, Adrian M. and
         {Rawls}, Meredith L. and {Read}, Shaun and {Rees}, Glen and
         {Rein}, Hanno and {Rice}, Thomas and {Riemer-S{\o}rensen}, Signe and
         {Rusomarov}, Naum and {Sanchez}, Sebastian F. and {Santand
        er-Garc{\'\i}a}, Miguel and {Sarid}, Gal and {Schoenell}, William and
         {Scholz}, Aleks and {Schuhmann}, Robert L. and {Schuster}, William and
         {Scicluna}, Peter and {Seidel}, Marja and {Shao}, Lijing and
         {Sharma}, Pranav and {Shulevski}, Aleksandar and {Shupe}, David and
         {Sif{\'o}n}, Crist{\'o}bal and {Simmons}, Brooke and {Sinha}, Manodeep and
         {Skillen}, Ian and {Soergel}, Bjoern and {Spriggs}, Thomas and
         {Srinivasan}, Sundar and {Stevens}, Abigail and {Streicher}, Ole and
         {Suchyta}, Eric and {Tan}, Joshua and {Telford}, O. Grace and
         {Thomas}, Romain and {Tonini}, Chiara and {Tremblay}, Grant and
         {Tuttle}, Sarah and {Urrutia}, Tanya and {Vaughan}, Sam and
         {Verdugo}, Miguel and {Wagner}, Alexander and {Walawender}, Josh and
         {Wetzel}, Andrew and {Willett}, Kyle and {Williams}, Peter K.~G. and
         {Yang}, Guang and {Zhu}, Guangtun and {Zonca}, Andrea},
        title = "{The Astropy Problem}",
      journal = {arXiv e-prints},
     keywords = {Astrophysics - Instrumentation and Methods for Astrophysics, Physics - Physics and Society},
         year = "2016",
        month = "Oct",
          eid = {arXiv:1610.03159},
        pages = {arXiv:1610.03159},
archivePrefix = {arXiv},
       eprint = {1610.03159},
 primaryClass = {astro-ph.IM},
       adsurl = {https://ui.adsabs.harvard.edu/\#abs/2016arXiv161003159M},
      adsnote = {Provided by the SAO/NASA Astrophysics Data System}
}

@ARTICLE{lemen2012,
       author = {{Lemen}, James R. and {Title}, Alan M. and {Akin}, David J. and
         {Boerner}, Paul F. and {Chou}, Catherine and {Drake}, Jerry F. and
         {Duncan}, Dexter W. and {Edwards}, Christopher G. and
         {Friedlaender}, Frank M. and {Heyman}, Gary F.},
        title = "{The Atmospheric Imaging Assembly (AIA) on the Solar Dynamics Observatory (SDO)}",
      journal = {\solphys},
     keywords = {Solar corona, Solar instrumentation, Solar imaging, Extreme ultraviolet},
         year = "2012",
        month = "Jan",
       volume = {275},
       number = {1-2},
        pages = {17-40},
          doi = {10.1007/s11207-011-9776-8},
       adsurl = {https://ui.adsabs.harvard.edu/abs/2012SoPh..275...17L},
      adsnote = {Provided by the SAO/NASA Astrophysics Data System}
}

@ARTICLE{schou12,
   author = {{Schou}, J. and {Scherrer}, P.~H. and {Bush}, R.~I. and {Wachter}, R. and
	{Couvidat}, S. and {Rabello-Soares}, M.~C. and {Bogart}, R.~S. and
	{Hoeksema}, J.~T. and {Liu}, Y. and {Duvall}, T.~L. and {Akin}, D.~J. and
	{Allard}, B.~A. and {Miles}, J.~W. and {Rairden}, R. and {Shine}, R.~A. and
	{Tarbell}, T.~D. and {Title}, A.~M. and {Wolfson}, C.~J. and
	{Elmore}, D.~F. and {Norton}, A.~A. and {Tomczyk}, S.},
    title = "{Design and Ground Calibration of the Helioseismic and Magnetic Imager (HMI) Instrument on the Solar Dynamics Observatory (SDO)}",
  journal = {\solphys},
 keywords = {Solar Dynamics Observatory, Helioseismology, observations, Instrumentation and data management, Magnetic fields, photosphere},
     year = 2012,
    month = jan,
   volume = 275,
    pages = {229-259},
      doi = {10.1007/s11207-011-9842-2},
   adsurl = {http://adsabs.harvard.edu/abs/2012SoPh..275..229S},
  adsnote = {Provided by the SAO/NASA Astrophysics Data System}
}

@incollection{delaboudiniere1995eit,
  title={EIT: extreme-ultraviolet imaging telescope for the SOHO mission},
  author={Delaboudiniere, J-P and Artzner, GE and Brunaud, J and Gabriel, Alan H and Hochedez, JF and Millier, F and Song, XY and Au, B and Dere, KP and Howard, RA and others},
  booktitle={The SOHO Mission},
  pages={291--312},
  year={1995},
  publisher={Springer}
}

@incollection{brueckner1995large,
  title={The large angle spectroscopic coronagraph (LASCO)},
  author={Brueckner, GE and Howard, RA and Koomen, MJ and Korendyke, CM and Michels, DJ and Moses, JD and Socker, DG and Dere, KP and Lamy, PL and Llebaria, A and others},
  booktitle={The SOHO Mission},
  pages={357--402},
  year={1995},
  publisher={Springer}
}

@ARTICLE{scherrer1995solar,
       author = {{Scherrer}, P.~H. and {Bogart}, R.~S. and {Bush}, R.~I. and
         {Hoeksema}, J.~T. and {Kosovichev}, A.~G. and {Schou}, J. and
         {Rosenberg}, W. and {Springer}, L. and {Tarbell}, T.~D. and {Title}, A.},
        title = "{The Solar Oscillations Investigation - Michelson Doppler Imager}",
      journal = {\solphys},
         year = "1995",
        month = "Dec",
       volume = {162},
       number = {1-2},
        pages = {129-188},
          doi = {10.1007/BF00733429},
       adsurl = {https://ui.adsabs.harvard.edu/abs/1995SoPh..162..129S},
      adsnote = {Provided by the SAO/NASA Astrophysics Data System}
}

@article{howard2008sun,
  title={Sun Earth connection coronal and heliospheric investigation (SECCHI)},
  author={Howard, RA and Moses, JD and Vourlidas, A and Newmark, JS and Socker, DG and Plunkett, SP and Korendyke, CM and Cook, JW and Hurley, A and Davila, JM and others},
  journal={Space Science Reviews},
  volume={136},
  number={1-4},
  pages={67},
  year={2008},
  publisher={Springer}
}

@incollection{golub2008x,
  title={The X-ray telescope (XRT) for the Hinode mission},
  author={Golub, L and Deluca, E and Austin, G and Bookbinder, J and Caldwell, D and Cheimets, P and Cirtain, J and Cosmo, M and Reid, P and Sette, A and others},
  booktitle={The Hinode Mission},
  pages={27--50},
  year={2008},
  publisher={Springer}
}

@article{de2014interface,
  title={The interface region imaging spectrograph (IRIS)},
  author={De Pontieu, Bart and Lemen, JR and Kushner, GD and Akin, DJ and Allard, B and Berger, T and Boerner, P and Cheung, M and Chou, C and Drake, JF and others},
  journal={Solar Physics},
  volume={289},
  number={7},
  pages={2733--2779},
  year={2014},
  publisher={Springer}
}

@article{tsuneta1991soft,
  title={The soft X-ray telescope for the SOLAR-A mission},
  author={Tsuneta, S and Acton, L and Bruner, M and Lemen, J and Brown, W and Caravalho, R and Catura, R and Freeland, S and Jurcevich, B and Morrison, M and others},
  journal={Solar Physics},
  volume={136},
  number={1},
  pages={37--67},
  year={1991},
  publisher={Springer}
}

@article{seaton2013swap,
  title={The SWAP EUV imaging telescope part I: instrument overview and pre-flight testing},
  author={Seaton, DB and Berghmans, David and Nicula, Bogdan and Halain, J-P and De Groof, Anik and Thibert, Tanguy and Bloomfield, DS and Raftery, CL and Gallagher, PT and Auch{\`e}re, Fr{\'e}d{\'e}ric and others},
  journal={Solar Physics},
  volume={286},
  number={1},
  pages={43--65},
  year={2013},
  publisher={Springer}
}

@ARTICLE{2006A&A...449..791T,
   author = {{Thompson}, W.~T.},
    title = "{Coordinate systems for solar image data}",
  journal = {\aap},
 keywords = {standards, Sun: general, techniques: image processing, astronomical data bases: miscellaneous, methods: data analysis},
     year = 2006,
    month = apr,
   volume = 449,
    pages = {791-803},
      doi = {10.1051/0004-6361:20054262},
   adsurl = {http://adsabs.harvard.edu/abs/2006A%26A...449..791T},
  adsnote = {Provided by the SAO/NASA Astrophysics Data System}
}

@ARTICLE{2007CeMDA..98..155S,
       author = {{Seidelmann}, P. Kenneth and {Archinal}, B.~A. and {A'Hearn}, M.~F. and
         {Conrad}, A. and {Consolmagno}, G.~J. and {Hestroffer}, D. and
         {Hilton}, J.~L. and {Krasinsky}, G.~A. and {Neumann}, G. and
         {Oberst}, J. and {Stooke}, P. and {Tedesco}, E.~F. and {Tholen}, D.~J. and
         {Thomas}, P.~C. and {Williams}, I.~P.},
        title = "{Report of the IAU/IAG Working Group on cartographic coordinates and rotational elements: 2006}",
      journal = {Celestial Mechanics and Dynamical Astronomy},
     keywords = {Cartographic coordinates, Rotation axes, Rotation periods, Sizes, Shapes, Planets, Satellites, Minor planets, Comets},
         year = "2007",
        month = "Jul",
       volume = {98},
       number = {3},
        pages = {155-180},
          doi = {10.1007/s10569-007-9072-y},
       adsurl = {https://ui.adsabs.harvard.edu/abs/2007CeMDA..98..155S},
      adsnote = {Provided by the SAO/NASA Astrophysics Data System}
}

@misc{david_stansby_2019_3237053,
  author       = {David Stansby},
  title        = {dstansby/pfsspy: pfsspy 0.2.1},
  month        = jun,
  year         = 2019,
  doi          = {10.5281/zenodo.3237053},
  url          = {https://doi.org/10.5281/zenodo.3237053}
}


@article{ginsburg_astroquery_2019,
  title = {Astroquery: {{An Astronomical Web}}-Querying {{Package}} in {{Python}}},
  volume = {157},
  issn = {0004-6256},
  shorttitle = {Astroquery},
  journal = {The Astronomical Journal},
  doi = {10.3847/1538-3881/aafc33},
  author = {Ginsburg, Adam and Sip{\H o}cz, Brigitta M. and Brasseur, C. E. and Cowperthwaite, Philip S. and Craig, Matthew W. and Deil, Christoph and Guillochon, James and Guzman, Giannina and Liedtke, Simon and Lian Lim, Pey and Lockhart, Kelly E. and Mommert, Michael and Morris, Brett M. and Norman, Henrik and Parikh, Madhura and Persson, Magnus V. and Robitaille, Thomas P. and Segovia, Juan-Carlos and Singer, Leo P. and Tollerud, Erik J. and {de Val-Borro}, Miguel and Valtchanov, Ivan and Woillez, Julien and {Astroquery Collaboration} and {a subset of the astropy Collaboration}},
  month = mar,
  year = {2019},
  pages = {98}
}

@ARTICLE{handy99,
       author = {{Handy}, B.~N. and {Acton}, L.~W. and {Kankelborg}, C.~C. and
         {Wolfson}, C.~J. and {Akin}, D.~J. and {Bruner}, M.~E. and
         {Caravalho}, R. and {Catura}, R.~C. and {Chevalier}, R. and
         {Duncan}, D.~W.},
        title = "{The transition region and coronal explorer}",
      journal = {\solphys},
         year = "1999",
        month = "Jul",
       volume = {187},
       number = {2},
        pages = {229-260},
          doi = {10.1023/A:1005166902804},
       adsurl = {https://ui.adsabs.harvard.edu/abs/1999SoPh..187..229H},
      adsnote = {Provided by the SAO/NASA Astrophysics Data System}
}

@ARTICLE{garcia94,
   author = {{Garcia}, H.~A.},
    title = "{Temperature and emission measure from GOES soft X-ray measurements}",
  journal = {\solphys},
 keywords = {Data Processing, Emission Spectra, Error Analysis, Solar Spectra, Solar Temperature, Solar X-Rays, Stellar Models, X Ray Astronomy, X Ray Spectra, Astronomical Spectroscopy, Calibrating, Data Reduction, Goes Satellites, Instrument Errors, Mathematical Models, Synchronous Meteorological Satellite, X Ray Spectroscopy},
     year = 1994,
    month = oct,
   volume = 154,
    pages = {275-308},
      doi = {10.1007/BF00681100},
   adsurl = {http://adsabs.harvard.edu/abs/1994SoPh..154..275G},
  adsnote = {Provided by the SAO/NASA Astrophysics Data System}
}

@ARTICLE{hanser96,
author = {Hanser, Frederick A. and Sellers, Francis B.},
title = {Design and calibration of the GOES-8 solar x-ray sensor: the XRS},
journal = {Proc. SPIE},
volume = {2812},
pages = {344-352},
abstract = {The GOES-8 solar x-ray sensor (XRS) detects solar x-rays in two wavelength bands of approximately 0.5 to 3 angstrom and 1 to 8 angstrom. The XRS uses a dual ion chamber design with beryllium windows and Xenon or Argon gas fills to provide the x-ray detection, and which determine the wavelength response functions. GOES spacecraft before GOES-8 were spinning, and the previous XRS design used this property to measure the solar x-rays as a 'pulse' above the ambient particle background during the time when the XRS FOV scanned across the sun. GOES-8 and later spacecraft are three-axis stabilized, and the XRS now views the sun constantly from a mount on the solar panel yoke. This puts a severe requirement on the XRS for shielding of the ion chamber, since the background current form ambient particles must be will below the current from the design threshold x-ray fluxes. The design and calibration of the XRS is described, as are results from electron irradiation which were used to verify the immunity to ambient particle fluxes.},
year = {1996},
doi = {10.1117/12.254082},
}

@INPROCEEDINGS{dewijn12,
       author = {{de Wijn}, Alfred G. and {Burkepile}, Joan T. and {Tomczyk}, Steven and
         {Nelson}, Peter G. and {Huang}, Pei and {Gallagher}, Dennis},
        title = "{Stray light and polarimetry considerations for the COSMO K-Coronagraph}",
     keywords = {Astrophysics - Instrumentation and Methods for Astrophysics},
    booktitle = {\procspie},
         year = "2012",
       series = {Society of Photo-Optical Instrumentation Engineers (SPIE) Conference Series},
       volume = {8444},
        month = "Sep",
          eid = {84443N},
        pages = {84443N},
          doi = {10.1117/12.926511},
archivePrefix = {arXiv},
       eprint = {1207.0978},
 primaryClass = {astro-ph.IM},
       adsurl = {https://ui.adsabs.harvard.edu/abs/2012SPIE.8444E..3ND},
      adsnote = {Provided by the SAO/NASA Astrophysics Data System}
}

@inproceedings{rocklin15,
  title = {Dask: {{Parallel Computation}} with {{Blocked}} Algorithms and {{Task Scheduling}}},
  booktitle = {Proceedings of the 14th {{Python}} in {{Science Conference}}},
  doi = {10.25080/Majora-7b98e3ed-013},
  author = {Rocklin, Matthew},
  editor = {Huff, Kathryn and Bergstra, James},
  year = {2015},
  pages = {126-132}
}

@article{pedregosa11,
 title={Scikit-learn: Machine Learning in {P}ython},
 author={Pedregosa, F. and Varoquaux, G. and Gramfort, A. and Michel, V.
         and Thirion, B. and Grisel, O. and Blondel, M. and Prettenhofer, P.
         and Weiss, R. and Dubourg, V. and Vanderplas, J. and Passos, A. and
         Cournapeau, D. and Brucher, M. and Perrot, M. and Duchesnay, E.},
 journal={Journal of Machine Learning Research},
 volume={12},
 pages={2825--2830},
 year={2011}
}



@article{ligo_scientific_collaboration_and_virgo_collaboration_observation_2016,
  title = {Observation of {{Gravitational Waves}} from a {{Binary Black Hole Merger}}},
  volume = {116},
  number = {6},
  journal = {Physical Review Letters},
  doi = {10.1103/PhysRevLett.116.061102},
  author = {{LIGO Scientific Collaboration and Virgo Collaboration} and Abbott, B. P. and Abbott, R. and Abbott, T. D. and Abernathy, M. R. and Acernese, F. and Ackley, K. and Adams, C. and Adams, T. and Addesso, P. and Adhikari, R. X. and Adya, V. B. and Affeldt, C. and Agathos, M. and Agatsuma, K. and Aggarwal, N. and Aguiar, O. D. and Aiello, L. and Ain, A. and Ajith, P. and Allen, B. and Allocca, A. and Altin, P. A. and Anderson, S. B. and Anderson, W. G. and Arai, K. and Arain, M. A. and Araya, M. C. and Arceneaux, C. C. and Areeda, J. S. and Arnaud, N. and Arun, K. G. and Ascenzi, S. and Ashton, G. and Ast, M. and Aston, S. M. and Astone, P. and Aufmuth, P. and Aulbert, C. and Babak, S. and Bacon, P. and Bader, M. K. M. and Baker, P. T. and Baldaccini, F. and Ballardin, G. and Ballmer, S. W. and Barayoga, J. C. and Barclay, S. E. and Barish, B. C. and Barker, D. and Barone, F. and Barr, B. and Barsotti, L. and Barsuglia, M. and Barta, D. and Bartlett, J. and Barton, M. A. and Bartos, I. and Bassiri, R. and Basti, A. and Batch, J. C. and Baune, C. and Bavigadda, V. and Bazzan, M. and Behnke, B. and Bejger, M. and Belczynski, C. and Bell, A. S. and Bell, C. J. and Berger, B. K. and Bergman, J. and Bergmann, G. and Berry, C. P. L. and Bersanetti, D. and Bertolini, A. and Betzwieser, J. and Bhagwat, S. and Bhandare, R. and Bilenko, I. A. and Billingsley, G. and Birch, J. and Birney, R. and Birnholtz, O. and Biscans, S. and Bisht, A. and Bitossi, M. and Biwer, C. and Bizouard, M. A. and Blackburn, J. K. and Blair, C. D. and Blair, D. G. and Blair, R. M. and Bloemen, S. and Bock, O. and Bodiya, T. P. and Boer, M. and Bogaert, G. and Bogan, C. and Bohe, A. and Bojtos, P. and Bond, C. and Bondu, F. and Bonnand, R. and Boom, B. A. and Bork, R. and Boschi, V. and Bose, S. and Bouffanais, Y. and Bozzi, A. and Bradaschia, C. and Brady, P. R. and Braginsky, V. B. and Branchesi, M. and Brau, J. E. and Briant, T. and Brillet, A. and Brinkmann, M. and Brisson, V. and Brockill, P. and Brooks, A. F. and Brown, D. A. and Brown, D. D. and Brown, N. M. and Buchanan, C. C. and Buikema, A. and Bulik, T. and Bulten, H. J. and Buonanno, A. and Buskulic, D. and Buy, C. and Byer, R. L. and Cabero, M. and Cadonati, L. and Cagnoli, G. and Cahillane, C. and Bustillo, J. Calder{\'o}n and Callister, T. and Calloni, E. and Camp, J. B. and Cannon, K. C. and Cao, J. and Capano, C. D. and Capocasa, E. and Carbognani, F. and Caride, S. and Diaz, J. Casanueva and Casentini, C. and Caudill, S. and Cavagli{\`a}, M. and Cavalier, F. and Cavalieri, R. and Cella, G. and Cepeda, C. B. and Baiardi, L. Cerboni and Cerretani, G. and Cesarini, E. and Chakraborty, R. and Chalermsongsak, T. and Chamberlin, S. J. and Chan, M. and Chao, S. and Charlton, P. and {Chassande-Mottin}, E. and Chen, H. Y. and Chen, Y. and Cheng, C. and Chincarini, A. and Chiummo, A. and Cho, H. S. and Cho, M. and Chow, J. H. and Christensen, N. and Chu, Q. and Chua, S. and Chung, S. and Ciani, G. and Clara, F. and Clark, J. A. and Cleva, F. and Coccia, E. and Cohadon, P.-F. and Colla, A. and Collette, C. G. and Cominsky, L. and Constancio, M. and Conte, A. and Conti, L. and Cook, D. and Corbitt, T. R. and Cornish, N. and Corsi, A. and Cortese, S. and Costa, C. A. and Coughlin, M. W. and Coughlin, S. B. and Coulon, J.-P. and Countryman, S. T. and Couvares, P. and Cowan, E. E. and Coward, D. M. and Cowart, M. J. and Coyne, D. C. and Coyne, R. and Craig, K. and Creighton, J. D. E. and Creighton, T. D. and Cripe, J. and Crowder, S. G. and Cruise, A. M. and Cumming, A. and Cunningham, L. and Cuoco, E. and Canton, T. Dal and Danilishin, S. L. and D'Antonio, S. and Danzmann, K. and Darman, N. S. and Da Silva Costa, C. F. and Dattilo, V. and Dave, I. and Daveloza, H. P. and Davier, M. and Davies, G. S. and Daw, E. J. and Day, R. and De, S. and DeBra, D. and Debreczeni, G. and Degallaix, J. and De Laurentis, M. and Del{\'e}glise, S. and Del Pozzo, W. and Denker, T. and Dent, T. and Dereli, H. and Dergachev, V. and DeRosa, R. T. and De Rosa, R. and DeSalvo, R. and Dhurandhar, S. and D{\'i}az, M. C. and Di Fiore, L. and Di Giovanni, M. and Di Lieto, A. and Di Pace, S. and Di Palma, I. and Di Virgilio, A. and Dojcinoski, G. and Dolique, V. and Donovan, F. and Dooley, K. L. and Doravari, S. and Douglas, R. and Downes, T. P. and Drago, M. and Drever, R. W. P. and Driggers, J. C. and Du, Z. and Ducrot, M. and Dwyer, S. E. and Edo, T. B. and Edwards, M. C. and Effler, A. and Eggenstein, H.-B. and Ehrens, P. and Eichholz, J. and Eikenberry, S. S. and Engels, W. and Essick, R. C. and Etzel, T. and Evans, M. and Evans, T. M. and Everett, R. and Factourovich, M. and Fafone, V. and Fair, H. and Fairhurst, S. and Fan, X. and Fang, Q. and Farinon, S. and Farr, B. and Farr, W. M. and Favata, M. and Fays, M. and Fehrmann, H. and Fejer, M. M. and Feldbaum, D. and Ferrante, I. and Ferreira, E. C. and Ferrini, F. and Fidecaro, F. and Finn, L. S. and Fiori, I. and Fiorucci, D. and Fisher, R. P. and Flaminio, R. and Fletcher, M. and Fong, H. and Fournier, J.-D. and Franco, S. and Frasca, S. and Frasconi, F. and Frede, M. and Frei, Z. and Freise, A. and Frey, R. and Frey, V. and Fricke, T. T. and Fritschel, P. and Frolov, V. V. and Fulda, P. and Fyffe, M. and Gabbard, H. A. G. and Gair, J. R. and Gammaitoni, L. and Gaonkar, S. G. and Garufi, F. and Gatto, A. and Gaur, G. and Gehrels, N. and Gemme, G. and Gendre, B. and Genin, E. and Gennai, A. and George, J. and Gergely, L. and Germain, V. and Ghosh, Abhirup and Ghosh, Archisman and Ghosh, S. and Giaime, J. A. and Giardina, K. D. and Giazotto, A. and Gill, K. and Glaefke, A. and Gleason, J. R. and Goetz, E. and Goetz, R. and Gondan, L. and Gonz{\'a}lez, G. and Castro, J. M. Gonzalez and Gopakumar, A. and Gordon, N. A. and Gorodetsky, M. L. and Gossan, S. E. and Gosselin, M. and Gouaty, R. and Graef, C. and Graff, P. B. and Granata, M. and Grant, A. and Gras, S. and Gray, C. and Greco, G. and Green, A. C. and Greenhalgh, R. J. S. and Groot, P. and Grote, H. and Grunewald, S. and Guidi, G. M. and Guo, X. and Gupta, A. and Gupta, M. K. and Gushwa, K. E. and Gustafson, E. K. and Gustafson, R. and Hacker, J. J. and Hall, B. R. and Hall, E. D. and Hammond, G. and Haney, M. and Hanke, M. M. and Hanks, J. and Hanna, C. and Hannam, M. D. and Hanson, J. and Hardwick, T. and Harms, J. and Harry, G. M. and Harry, I. W. and Hart, M. J. and Hartman, M. T. and Haster, C.-J. and Haughian, K. and Healy, J. and Heefner, J. and Heidmann, A. and Heintze, M. C. and Heinzel, G. and Heitmann, H. and Hello, P. and Hemming, G. and Hendry, M. and Heng, I. S. and Hennig, J. and Heptonstall, A. W. and Heurs, M. and Hild, S. and Hoak, D. and Hodge, K. A. and Hofman, D. and Hollitt, S. E. and Holt, K. and Holz, D. E. and Hopkins, P. and Hosken, D. J. and Hough, J. and Houston, E. A. and Howell, E. J. and Hu, Y. M. and Huang, S. and Huerta, E. A. and Huet, D. and Hughey, B. and Husa, S. and Huttner, S. H. and {Huynh-Dinh}, T. and Idrisy, A. and Indik, N. and Ingram, D. R. and Inta, R. and Isa, H. N. and Isac, J.-M. and Isi, M. and Islas, G. and Isogai, T. and Iyer, B. R. and Izumi, K. and Jacobson, M. B. and Jacqmin, T. and Jang, H. and Jani, K. and Jaranowski, P. and Jawahar, S. and {Jim{\'e}nez-Forteza}, F. and Johnson, W. W. and {Johnson-McDaniel}, N. K. and Jones, D. I. and Jones, R. and Jonker, R. J. G. and Ju, L. and Haris, K. and Kalaghatgi, C. V. and Kalogera, V. and Kandhasamy, S. and Kang, G. and Kanner, J. B. and Karki, S. and Kasprzack, M. and Katsavounidis, E. and Katzman, W. and Kaufer, S. and Kaur, T. and Kawabe, K. and Kawazoe, F. and K{\'e}f{\'e}lian, F. and Kehl, M. S. and Keitel, D. and Kelley, D. B. and Kells, W. and Kennedy, R. and Keppel, D. G. and Key, J. S. and Khalaidovski, A. and Khalili, F. Y. and Khan, I. and Khan, S. and Khan, Z. and Khazanov, E. A. and Kijbunchoo, N. and Kim, C. and Kim, J. and Kim, K. and Kim, Nam-Gyu and Kim, Namjun and Kim, Y.-M. and King, E. J. and King, P. J. and Kinzel, D. L. and Kissel, J. S. and Kleybolte, L. and Klimenko, S. and Koehlenbeck, S. M. and Kokeyama, K. and Koley, S. and Kondrashov, V. and Kontos, A. and Koranda, S. and Korobko, M. and Korth, W. Z. and Kowalska, I. and Kozak, D. B. and Kringel, V. and Krishnan, B. and Kr{\'o}lak, A. and Krueger, C. and Kuehn, G. and Kumar, P. and Kumar, R. and Kuo, L. and Kutynia, A. and Kwee, P. and Lackey, B. D. and Landry, M. and Lange, J. and Lantz, B. and Lasky, P. D. and Lazzarini, A. and Lazzaro, C. and Leaci, P. and Leavey, S. and Lebigot, E. O. and Lee, C. H. and Lee, H. K. and Lee, H. M. and Lee, K. and Lenon, A. and Leonardi, M. and Leong, J. R. and Leroy, N. and Letendre, N. and Levin, Y. and Levine, B. M. and Li, T. G. F. and Libson, A. and Littenberg, T. B. and Lockerbie, N. A. and Logue, J. and Lombardi, A. L. and London, L. T. and Lord, J. E. and Lorenzini, M. and Loriette, V. and Lormand, M. and Losurdo, G. and Lough, J. D. and Lousto, C. O. and Lovelace, G. and L{\"u}ck, H. and Lundgren, A. P. and Luo, J. and Lynch, R. and Ma, Y. and MacDonald, T. and Machenschalk, B. and MacInnis, M. and Macleod, D. M. and {Maga{\~n}a-Sandoval}, F. and Magee, R. M. and Mageswaran, M. and Majorana, E. and Maksimovic, I. and Malvezzi, V. and Man, N. and Mandel, I. and Mandic, V. and Mangano, V. and Mansell, G. L. and Manske, M. and Mantovani, M. and Marchesoni, F. and Marion, F. and M{\'a}rka, S. and M{\'a}rka, Z. and Markosyan, A. S. and Maros, E. and Martelli, F. and Martellini, L. and Martin, I. W. and Martin, R. M. and Martynov, D. V. and Marx, J. N. and Mason, K. and Masserot, A. and Massinger, T. J. and {Masso-Reid}, M. and Matichard, F. and Matone, L. and Mavalvala, N. and Mazumder, N. and Mazzolo, G. and McCarthy, R. and McClelland, D. E. and McCormick, S. and McGuire, S. C. and McIntyre, G. and McIver, J. and McManus, D. J. and McWilliams, S. T. and Meacher, D. and Meadors, G. D. and Meidam, J. and Melatos, A. and Mendell, G. and {Mendoza-Gandara}, D. and Mercer, R. A. and Merilh, E. and Merzougui, M. and Meshkov, S. and Messenger, C. and Messick, C. and Meyers, P. M. and Mezzani, F. and Miao, H. and Michel, C. and Middleton, H. and Mikhailov, E. E. and Milano, L. and Miller, J. and Millhouse, M. and Minenkov, Y. and Ming, J. and Mirshekari, S. and Mishra, C. and Mitra, S. and Mitrofanov, V. P. and Mitselmakher, G. and Mittleman, R. and Moggi, A. and Mohan, M. and Mohapatra, S. R. P. and Montani, M. and Moore, B. C. and Moore, C. J. and Moraru, D. and Moreno, G. and Morriss, S. R. and Mossavi, K. and Mours, B. and {Mow-Lowry}, C. M. and Mueller, C. L. and Mueller, G. and Muir, A. W. and Mukherjee, Arunava and Mukherjee, D. and Mukherjee, S. and Mukund, N. and Mullavey, A. and Munch, J. and Murphy, D. J. and Murray, P. G. and Mytidis, A. and Nardecchia, I. and Naticchioni, L. and Nayak, R. K. and Necula, V. and Nedkova, K. and Nelemans, G. and Neri, M. and Neunzert, A. and Newton, G. and Nguyen, T. T. and Nielsen, A. B. and Nissanke, S. and Nitz, A. and Nocera, F. and Nolting, D. and Normandin, M. E. N. and Nuttall, L. K. and Oberling, J. and Ochsner, E. and O'Dell, J. and Oelker, E. and Ogin, G. H. and Oh, J. J. and Oh, S. H. and Ohme, F. and Oliver, M. and Oppermann, P. and Oram, Richard J. and O'Reilly, B. and O'Shaughnessy, R. and Ott, C. D. and Ottaway, D. J. and Ottens, R. S. and Overmier, H. and Owen, B. J. and Pai, A. and Pai, S. A. and Palamos, J. R. and Palashov, O. and Palomba, C. and {Pal-Singh}, A. and Pan, H. and Pan, Y. and Pankow, C. and Pannarale, F. and Pant, B. C. and Paoletti, F. and Paoli, A. and Papa, M. A. and Paris, H. R. and Parker, W. and Pascucci, D. and Pasqualetti, A. and Passaquieti, R. and Passuello, D. and Patricelli, B. and Patrick, Z. and Pearlstone, B. L. and Pedraza, M. and Pedurand, R. and Pekowsky, L. and Pele, A. and Penn, S. and Perreca, A. and Pfeiffer, H. P. and Phelps, M. and Piccinni, O. and Pichot, M. and Pickenpack, M. and Piergiovanni, F. and Pierro, V. and Pillant, G. and Pinard, L. and Pinto, I. M. and Pitkin, M. and Poeld, J. H. and Poggiani, R. and Popolizio, P. and Post, A. and Powell, J. and Prasad, J. and Predoi, V. and Premachandra, S. S. and Prestegard, T. and Price, L. R. and Prijatelj, M. and Principe, M. and Privitera, S. and Prix, R. and Prodi, G. A. and Prokhorov, L. and Puncken, O. and Punturo, M. and Puppo, P. and P{\"u}rrer, M. and Qi, H. and Qin, J. and Quetschke, V. and Quintero, E. A. and {Quitzow-James}, R. and Raab, F. J. and Rabeling, D. S. and Radkins, H. and Raffai, P. and Raja, S. and Rakhmanov, M. and Ramet, C. R. and Rapagnani, P. and Raymond, V. and Razzano, M. and Re, V. and Read, J. and Reed, C. M. and Regimbau, T. and Rei, L. and Reid, S. and Reitze, D. H. and Rew, H. and Reyes, S. D. and Ricci, F. and Riles, K. and Robertson, N. A. and Robie, R. and Robinet, F. and Rocchi, A. and Rolland, L. and Rollins, J. G. and Roma, V. J. and Romano, J. D. and Romano, R. and Romanov, G. and Romie, J. H. and Rosi{\'n}ska, D. and Rowan, S. and R{\"u}diger, A. and Ruggi, P. and Ryan, K. and Sachdev, S. and Sadecki, T. and Sadeghian, L. and Salconi, L. and Saleem, M. and Salemi, F. and Samajdar, A. and Sammut, L. and Sampson, L. M. and Sanchez, E. J. and Sandberg, V. and Sandeen, B. and Sanders, G. H. and Sanders, J. R. and Sassolas, B. and Sathyaprakash, B. S. and Saulson, P. R. and Sauter, O. and Savage, R. L. and Sawadsky, A. and Schale, P. and Schilling, R. and Schmidt, J. and Schmidt, P. and Schnabel, R. and Schofield, R. M. S. and Sch{\"o}nbeck, A. and Schreiber, E. and Schuette, D. and Schutz, B. F. and Scott, J. and Scott, S. M. and Sellers, D. and Sengupta, A. S. and Sentenac, D. and Sequino, V. and Sergeev, A. and Serna, G. and Setyawati, Y. and Sevigny, A. and Shaddock, D. A. and Shaffer, T. and Shah, S. and Shahriar, M. S. and Shaltev, M. and Shao, Z. and Shapiro, B. and Shawhan, P. and Sheperd, A. and Shoemaker, D. H. and Shoemaker, D. M. and Siellez, K. and Siemens, X. and Sigg, D. and Silva, A. D. and Simakov, D. and Singer, A. and Singer, L. P. and Singh, A. and Singh, R. and Singhal, A. and Sintes, A. M. and Slagmolen, B. J. J. and Smith, J. R. and Smith, M. R. and Smith, N. D. and Smith, R. J. E. and Son, E. J. and Sorazu, B. and Sorrentino, F. and Souradeep, T. and Srivastava, A. K. and Staley, A. and Steinke, M. and Steinlechner, J. and Steinlechner, S. and Steinmeyer, D. and Stephens, B. C. and Stevenson, S. P. and Stone, R. and Strain, K. A. and Straniero, N. and Stratta, G. and Strauss, N. A. and Strigin, S. and Sturani, R. and Stuver, A. L. and Summerscales, T. Z. and Sun, L. and Sutton, P. J. and Swinkels, B. L. and Szczepa{\'n}czyk, M. J. and Tacca, M. and Talukder, D. and Tanner, D. B. and T{\'a}pai, M. and Tarabrin, S. P. and Taracchini, A. and Taylor, R. and Theeg, T. and Thirugnanasambandam, M. P. and Thomas, E. G. and Thomas, M. and Thomas, P. and Thorne, K. A. and Thorne, K. S. and Thrane, E. and Tiwari, S. and Tiwari, V. and Tokmakov, K. V. and Tomlinson, C. and Tonelli, M. and Torres, C. V. and Torrie, C. I. and T{\"o}yr{\"a}, D. and Travasso, F. and Traylor, G. and Trifir{\`o}, D. and Tringali, M. C. and Trozzo, L. and Tse, M. and Turconi, M. and Tuyenbayev, D. and Ugolini, D. and Unnikrishnan, C. S. and Urban, A. L. and Usman, S. A. and Vahlbruch, H. and Vajente, G. and Valdes, G. and Vallisneri, M. and {van Bakel}, N. and {van Beuzekom}, M. and {van den Brand}, J. F. J. and Van Den Broeck, C. and {Vander-Hyde}, D. C. and {van der Schaaf}, L. and {van Heijningen}, J. V. and {van Veggel}, A. A. and Vardaro, M. and Vass, S. and Vas{\'u}th, M. and Vaulin, R. and Vecchio, A. and Vedovato, G. and Veitch, J. and Veitch, P. J. and Venkateswara, K. and Verkindt, D. and Vetrano, F. and Vicer{\'e}, A. and Vinciguerra, S. and Vine, D. J. and Vinet, J.-Y. and Vitale, S. and Vo, T. and Vocca, H. and Vorvick, C. and Voss, D. and Vousden, W. D. and Vyatchanin, S. P. and Wade, A. R. and Wade, L. E. and Wade, M. and Waldman, S. J. and Walker, M. and Wallace, L. and Walsh, S. and Wang, G. and Wang, H. and Wang, M. and Wang, X. and Wang, Y. and Ward, H. and Ward, R. L. and Warner, J. and Was, M. and Weaver, B. and Wei, L.-W. and Weinert, M. and Weinstein, A. J. and Weiss, R. and Welborn, T. and Wen, L. and We{\ss}els, P. and Westphal, T. and Wette, K. and Whelan, J. T. and Whitcomb, S. E. and White, D. J. and Whiting, B. F. and Wiesner, K. and Wilkinson, C. and Willems, P. A. and Williams, L. and Williams, R. D. and Williamson, A. R. and Willis, J. L. and Willke, B. and Wimmer, M. H. and Winkelmann, L. and Winkler, W. and Wipf, C. C. and Wiseman, A. G. and Wittel, H. and Woan, G. and Worden, J. and Wright, J. L. and Wu, G. and Yablon, J. and Yakushin, I. and Yam, W. and Yamamoto, H. and Yancey, C. C. and Yap, M. J. and Yu, H. and Yvert, M. and Zadro{\.z}ny, A. and Zangrando, L. and Zanolin, M. and Zendri, J.-P. and Zevin, M. and Zhang, F. and Zhang, L. and Zhang, M. and Zhang, Y. and Zhao, C. and Zhou, M. and Zhou, Z. and Zhu, X. J. and Zucker, M. E. and Zuraw, S. E. and Zweizig, J.},
  month = feb,
  year = {2016},
  pages = {061102}
}


@article{collaboration_first_2019,
  title = {First {{M87 Event Horizon Telescope Results}}. {{I}}. {{The Shadow}} of the {{Supermassive Black Hole}}},
  volume = {875},
  issn = {2041-8205},
  language = {en},
  number = {1},
  journal = {The Astrophysical Journal Letters},
  doi = {10.3847/2041-8213/ab0ec7},
  author = {{The Event Horizon Telescope Collaboration} and Akiyama, Kazunori and Alberdi, Antxon and Alef, Walter and Asada, Keiichi and Azulay, Rebecca and Baczko, Anne-Kathrin and Ball, David and Balokovi{\'c}, Mislav and Barrett, John and Bintley, Dan and Blackburn, Lindy and Boland, Wilfred and Bouman, Katherine L. and Bower, Geoffrey C. and Bremer, Michael and Brinkerink, Christiaan D. and Brissenden, Roger and Britzen, Silke and Broderick, Avery E. and Broguiere, Dominique and Bronzwaer, Thomas and Byun, Do-Young and Carlstrom, John E. and Chael, Andrew and Chan, Chi-kwan and Chatterjee, Shami and Chatterjee, Koushik and Chen, Ming-Tang and Chen, Yongjun and Cho, Ilje and Christian, Pierre and Conway, John E. and Cordes, James M. and Crew, Geoffrey B. and Cui, Yuzhu and Davelaar, Jordy and Laurentis, Mariafelicia De and Deane, Roger and Dempsey, Jessica and Desvignes, Gregory and Dexter, Jason and Doeleman, Sheperd S. and Eatough, Ralph P. and Falcke, Heino and Fish, Vincent L. and Fomalont, Ed and {Fraga-Encinas}, Raquel and Freeman, William T. and Friberg, Per and Fromm, Christian M. and G{\'o}mez, Jos{\'e} L. and Galison, Peter and Gammie, Charles F. and Garc{\'i}a, Roberto and Gentaz, Olivier and Georgiev, Boris and Goddi, Ciriaco and Gold, Roman and Gu, Minfeng and Gurwell, Mark and Hada, Kazuhiro and Hecht, Michael H. and Hesper, Ronald and Ho, Luis C. and Ho, Paul and Honma, Mareki and Huang, Chih-Wei L. and Huang, Lei and Hughes, David H. and Ikeda, Shiro and Inoue, Makoto and Issaoun, Sara and James, David J. and Jannuzi, Buell T. and Janssen, Michael and Jeter, Britton and Jiang, Wu and Johnson, Michael D. and Jorstad, Svetlana and Jung, Taehyun and Karami, Mansour and Karuppusamy, Ramesh and Kawashima, Tomohisa and Keating, Garrett K. and Kettenis, Mark and Kim, Jae-Young and Kim, Junhan and Kim, Jongsoo and Kino, Motoki and Koay, Jun Yi and Koch, Patrick M. and Koyama, Shoko and Kramer, Michael and Kramer, Carsten and Krichbaum, Thomas P. and Kuo, Cheng-Yu and Lauer, Tod R. and Lee, Sang-Sung and Li, Yan-Rong and Li, Zhiyuan and Lindqvist, Michael and Liu, Kuo and Liuzzo, Elisabetta and Lo, Wen-Ping and Lobanov, Andrei P. and Loinard, Laurent and Lonsdale, Colin and Lu, Ru-Sen and MacDonald, Nicholas R. and Mao, Jirong and Markoff, Sera and Marrone, Daniel P. and Marscher, Alan P. and {Mart{\'i}-Vidal}, Iv{\'a}n and Matsushita, Satoki and Matthews, Lynn D. and Medeiros, Lia and Menten, Karl M. and Mizuno, Yosuke and Mizuno, Izumi and Moran, James M. and Moriyama, Kotaro and Moscibrodzka, Monika and M{\"u}ller, Cornelia and Nagai, Hiroshi and Nagar, Neil M. and Nakamura, Masanori and Narayan, Ramesh and Narayanan, Gopal and Natarajan, Iniyan and Neri, Roberto and Ni, Chunchong and Noutsos, Aristeidis and Okino, Hiroki and Olivares, H{\'e}ctor and {Ortiz-Le{\'o}n}, Gisela N. and Oyama, Tomoaki and {\"O}zel, Feryal and Palumbo, Daniel C. M. and Patel, Nimesh and Pen, Ue-Li and Pesce, Dominic W. and Pi{\'e}tu, Vincent and Plambeck, Richard and PopStefanija, Aleksandar and Porth, Oliver and Prather, Ben and {Preciado-L{\'o}pez}, Jorge A. and Psaltis, Dimitrios and Pu, Hung-Yi and Ramakrishnan, Venkatessh and Rao, Ramprasad and Rawlings, Mark G. and Raymond, Alexander W. and Rezzolla, Luciano and Ripperda, Bart and Roelofs, Freek and Rogers, Alan and Ros, Eduardo and Rose, Mel and Roshanineshat, Arash and Rottmann, Helge and Roy, Alan L. and Ruszczyk, Chet and Ryan, Benjamin R. and Rygl, Kazi L. J. and S{\'a}nchez, Salvador and {S{\'a}nchez-Arguelles}, David and Sasada, Mahito and Savolainen, Tuomas and Schloerb, F. Peter and Schuster, Karl-Friedrich and Shao, Lijing and Shen, Zhiqiang and Small, Des and Sohn, Bong Won and SooHoo, Jason and Tazaki, Fumie and Tiede, Paul and Tilanus, Remo P. J. and Titus, Michael and Toma, Kenji and Torne, Pablo and Trent, Tyler and Trippe, Sascha and Tsuda, Shuichiro and van Bemmel, Ilse and van Langevelde, Huib Jan and van Rossum, Daniel R. and Wagner, Jan and Wardle, John and Weintroub, Jonathan and Wex, Norbert and Wharton, Robert and Wielgus, Maciek and Wong, George N. and Wu, Qingwen and Young, Ken and Young, Andr{\'e} and Younsi, Ziri and Yuan, Feng and Yuan, Ye-Fei and Zensus, J. Anton and Zhao, Guangyao and Zhao, Shan-Shan and Zhu, Ziyan and Algaba, Juan-Carlos and Allardi, Alexander and Amestica, Rodrigo and Anczarski, Jadyn and Bach, Uwe and Baganoff, Frederick K. and Beaudoin, Christopher and Benson, Bradford A. and Berthold, Ryan and Blanchard, Jay M. and Blundell, Ray and Bustamente, Sandra and Cappallo, Roger and {Castillo-Dom{\'i}nguez}, Edgar and Chang, Chih-Cheng and Chang, Shu-Hao and Chang, Song-Chu and Chen, Chung-Chen and Chilson, Ryan and Chuter, Tim C. and Rosado, Rodrigo C{\'o}rdova and Coulson, Iain M. and Crawford, Thomas M. and Crowley, Joseph and David, John and Derome, Mark and Dexter, Matthew and Dornbusch, Sven and Dudevoir, Kevin A. and Dzib, Sergio A. and Eckart, Andreas and Eckert, Chris and Erickson, Neal R. and Everett, Wendeline B. and Faber, Aaron and Farah, Joseph R. and Fath, Vernon and Folkers, Thomas W. and Forbes, David C. and Freund, Robert and {G{\'o}mez-Ruiz}, Arturo I. and Gale, David M. and Gao, Feng and Geertsema, Gertie and Graham, David A. and Greer, Christopher H. and Grosslein, Ronald and Gueth, Fr{\'e}d{\'e}ric and Haggard, Daryl and Halverson, Nils W. and Han, Chih-Chiang and Han, Kuo-Chang and Hao, Jinchi and Hasegawa, Yutaka and Henning, Jason W. and {Hern{\'a}ndez-G{\'o}mez}, Antonio and {Herrero-Illana}, Rub{\'e}n and Heyminck, Stefan and Hirota, Akihiko and Hoge, James and Huang, Yau-De and Impellizzeri, C. M. Violette and Jiang, Homin and Kamble, Atish and Keisler, Ryan and Kimura, Kimihiro and Kono, Yusuke and Kubo, Derek and Kuroda, John and Lacasse, Richard and Laing, Robert A. and Leitch, Erik M. and Li, Chao-Te and Lin, Lupin C.-C. and Liu, Ching-Tang and Liu, Kuan-Yu and Lu, Li-Ming and Marson, Ralph G. and {Martin-Cocher}, Pierre L. and Massingill, Kyle D. and Matulonis, Callie and McColl, Martin P. and McWhirter, Stephen R. and Messias, Hugo and {Meyer-Zhao}, Zheng and Michalik, Daniel and Monta{\~n}a, Alfredo and Montgomerie, William and {Mora-Klein}, Matias and Muders, Dirk and Nadolski, Andrew and Navarro, Santiago and Neilsen, Joseph and Nguyen, Chi H. and Nishioka, Hiroaki and Norton, Timothy and Nowak, Michael A. and Nystrom, George and Ogawa, Hideo and Oshiro, Peter and Oyama, Tomoaki and Parsons, Harriet and Paine, Scott N. and Pe{\~n}alver, Juan and Phillips, Neil M. and Poirier, Michael and Pradel, Nicolas and Primiani, Rurik A. and Raffin, Philippe A. and Rahlin, Alexandra S. and Reiland, George and Risacher, Christopher and Ruiz, Ignacio and {S{\'a}ez-Mada{\'i}n}, Alejandro F. and Sassella, Remi and Schellart, Pim and Shaw, Paul and Silva, Kevin M. and Shiokawa, Hotaka and Smith, David R. and Snow, William and Souccar, Kamal and Sousa, Don and Sridharan, T. K. and Srinivasan, Ranjani and Stahm, William and Stark, Anthony A. and Story, Kyle and Timmer, Sjoerd T. and Vertatschitsch, Laura and Walther, Craig and Wei, Ta-Shun and Whitehorn, Nathan and Whitney, Alan R. and Woody, David P. and Wouterloot, Jan G. A. and Wright, Melvin and Yamaguchi, Paul and Yu, Chen-Yu and Zeballos, Milagros and Zhang, Shuo and Ziurys, Lucy},
  month = apr,
  year = {2019},
  pages = {L1}
}
